<?xml version="1.0" encoding="UTF-8"?><collection xmlns="http://www.loc.gov/MARC21/slim"><record><leader>00545nam--2200181-i-4500</leader><controlfield tag="001">000026209</controlfield><controlfield tag="002">20161230</controlfield><controlfield tag="005">20161230201036</controlfield><controlfield tag="008">060222s1000------------r-----000-0-eng-d</controlfield><datafield ind1=" " ind2=" " tag="040"><subfield code="a">IFIN-HH</subfield></datafield><datafield ind1=" " ind2=" " tag="080"><subfield code="a">533.9</subfield></datafield><datafield ind1="1" ind2=" " tag="100"><subfield code="a">Klimontovici, Yu.L</subfield></datafield><datafield ind1="1" ind2="0" tag="245"><subfield code="a">The statistical theory of non-equilibrium processes in a plasma</subfield><subfield code="c">Yu.L. Klimontovici</subfield></datafield><datafield ind1=" " ind2=" " tag="260"><subfield code="a">Oxford, Pergamon Press, 1967</subfield></datafield><datafield ind1=" " ind2=" " tag="300"><subfield code="a">284 p</subfield></datafield><datafield ind1=" " ind2=" " tag="490"><subfield code="a">International Series Of Monographs In Natural Phylosophy</subfield><subfield code="v">Vol. 9</subfield></datafield><datafield ind1=" " ind2=" " tag="852"><subfield code="a">31442</subfield><subfield code="c">533.9</subfield></datafield><datafield ind1=" " ind2=" " tag="CAT"><subfield code="a">Sys</subfield><subfield code="c">20100923</subfield><subfield code="h">120945</subfield></datafield></record></collection>